@article{adomavicius09_desig_intel_softw_agent_auction,
  author          = {Gediminas Adomavicius and Alok Gupta and Dmitry Zhdanov},
  title           = {{Designing Intelligent Software Agents for Auctions With
                  Limited Information Feedback}},
  journal         = {Information Systems Research},
  pages           = {507-526},
  year            = {2009},
  doi             = {10.1287/isre.1080.0172},
  url             = {https://doi.org/10.1287/isre.1080.0172},
  DATE_ADDED      = {Tue Oct 16 17:35:21 2018},
}

@article{aggarwal09_elect_price_forec_dereg_market,
  author          = {Sanjeev Kumar Aggarwal and Lalit Mohan Saini and Ashwani
                  Kumar},
  title           = {{Electricity Price Forecasting in Deregulated Markets: a
                  Review and Evaluation}},
  journal         = {International Journal of Electrical Power \& Energy
                  Systems},
  pages           = {13-22},
  year            = {2009},
  doi             = {10.1016/j.ijepes.2008.09.003},
  url             = {https://doi.org/10.1016/j.ijepes.2008.09.003},
  DATE_ADDED      = {Wed Oct 24 11:13:15 2018},
}

@article{agricola14_dena_ancil_servic_study,
  author          = {Annegret Agricola and Hannes Seidl and Stefan Mischinger},
  title           = {{DENA Ancillary Services Study 2030. Security and
                  Reliability of a Power Supply With a High Percentage of
                  Renewable Energy}},
  year            = {2014},
  address         = {Berlin, Germany},
  institution     = {German Energy Agency},
  type            = {Technical Report},
}

@article{avci15_elect_vehic_with_batter_switc_station,
  author          = {Buket Avci and Karan Girotra and Serguei Netessine},
  title           = {{Electric Vehicles With a Battery Switching Station:
                  Adoption and Environmental Impact}},
  journal         = {Management Science},
  pages           = {772-794},
  year            = {2015},
  doi             = {10.1287/mnsc.2014.1916},
  url             = {https://doi.org/10.1287/mnsc.2014.1916},
  DATE_ADDED      = {Tue Oct 16 17:37:30 2018},
}

@article{avci18_manag_elect_price_model_risk,
  author          = {Avci,Ezgi and Ketter,Wolfgang and van Heck, Eric},
  title           = {{Managing Electricity Price Modeling Risk Via Ensemble
                  Forecasting: the Case of Turkey}},
  journal         = {Energy Policy},
  pages           = {390-403},
  year            = {2018},
  doi             = {10.1016/j.enpol.2018.08.053},
  url             = {https://doi.org/10.1016/j.enpol.2018.08.053},
  DATE_ADDED      = {Tue Oct 16 18:11:20 2018},
}

@book{bellman57_dynam_progr,
  author          = {Bellman, Richard Ernest},
  title           = {{Dynamic Programming}},
  year            = 1957,
  publisher       = {Courier Dover Publications},
  type            = {Ph.D. Thesis},
}

@article{bengio09_learn_deep_archit_ai,
  author          = {Y. Bengio},
  title           = {{Learning Deep Architectures for AI}},
  journal         = {Foundations and TrendsÂ® in Machine Learning},
  year            = {2009},
  doi             = {10.1561/2200000006},
  url             = {https://doi.org/10.1561/2200000006},
  DATE_ADDED      = {Thu Feb 14 14:03:00 2019},
}

@article{bichler10_desig_smart_market,
  author          = {Martin Bichler and Alok Gupta and Wolfgang Ketter},
  title           = {{{Designing Smart Markets}}},
  journal         = {Information Systems Research},
  pages           = {688-699},
  year            = {2010},
  doi             = {10.1287/isre.1100.0316},
  url             = {https://doi.org/10.1287/isre.1100.0316},
  DATE_ADDED      = {Wed Oct 17 11:03:12 2018},
}

@misc{bmu10_energ_concep_envir_sound_reliab_affor,
  author          = {{BMU}},
  publisher       = {{Federal Ministry for the Environment, Nature Conservation
                  and Nuclear Safety}},
  title           = {{Energy Concept for an Environmentally Sound, Reliable and
                  Affordable energy}},
  type            = {Technical Report},
  year            = 2010,
}

@article{brandt17_evaluat_busin_model_vehic_grid_integ,
  author          = {Tobias Brandt and Sebastian Wagner and Dirk Neumann},
  title           = {{Evaluating a Business Model for Vehicle-Grid Integration:
                  Evidence From Germany}},
  journal         = {Transportation Research Part D: Transport and Environment},
  pages           = {488-504},
  year            = {2017},
  doi             = {10.1016/j.trd.2016.11.017},
  url             = {https://doi.org/10.1016/j.trd.2016.11.017},
  DATE_ADDED      = {Tue Oct 16 18:16:56 2018},
}

@article{burns13_sustain_mobil,
  author          = {Lawrence D. Burns},
  title           = {{Sustainable Mobility: a Vision of Our Transport Future}},
  journal         = {Nature},
  year            = {2013},
  doi             = {10.1038/497181a},
  url             = {https://doi.org/10.1038/497181a},
  DATE_ADDED      = {Fri Feb 22 10:26:43 2019},
}

@article{chis16_reinf_learn_based_plug_in,
  author          = {Adriana Chis and Jarmo Lunden and Visa Koivunen},
  title           = {{Reinforcement Learning-Based Plug-In Electric Vehicle
                  Charging With Forecasted Price}},
  journal         = {IEEE Transactions on Vehicular Technology},
  year            = {2016},
  doi             = {10.1109/tvt.2016.2603536},
  url             = {https://doi.org/10.1109/tvt.2016.2603536},
  DATE_ADDED      = {Mon Jan 28 14:50:47 2019},
}

@article{conejo05_day_ahead_elect_price_forec,
  author          = {A.J. Conejo and M.A. Plazas and R. Espinola and A.B.
                  Molina},
  title           = {{ Day-Ahead Electricity Price Forecasting Using the Wavelet
                  Transform and Arima Models }},
  journal         = {IEEE Transactions on Power Systems},
  volume          = {20},
  number          = {2},
  pages           = {1035-1042},
  year            = {2005},
  doi             = {10.1109/tpwrs.2005.846054},
  url             = {https://doi.org/10.1109/tpwrs.2005.846054},
  DATE_ADDED      = {Tue Mar 5 11:49:06 2019},
}

@article{cybenko89_approx_by_super_sigmoid_funct,
  author          = {G. Cybenko},
  title           = {{Approximation By Superpositions of a Sigmoidal Function}},
  journal         = {Mathematics of Control, Signals, and Systems},
  year            = {1989},
  doi             = {10.1007/bf02551274},
  url             = {https://doi.org/10.1007/bf02551274},
  DATE_ADDED      = {Thu Feb 14 13:55:08 2019},
}

@inproceedings{dauer13_market_based_ev_charg_coord,
  author          = {David Dauer and Christoph M. Flath and Philipp Strohle and
                  Christof Weinhardt},
  title           = {{Market-Based EV Charging Coordination}},
  booktitle       = {IEEE/WIC/ACM International Joint Conferences on Web
                  Intelligence (WI) and Intelligent Agent Technologies (IAT)},
  year            = 2013,
  doi             = {10.1109/wi-iat.2013.97},
  url             = {https://doi.org/10.1109/wi-iat.2013.97},
  DATE_ADDED      = {Mon Jan 28 12:43:19 2019},
}

@inproceedings{di13_elect_vehic,
  author          = {Di Giorgio, Alessandro and Liberati, Francesco and
                  Pietrabissa, Antonio },
  title           = {{On-board stochastic control of Electric Vehicle recharging}},
  booktitle       = {52nd IEEE Conference on Decision and Control},
  year            = 2013,
  doi             = {10.1109/cdc.2013.6760789},
  url             = {https://doi.org/10.1109/cdc.2013.6760789},
  DATE_ADDED      = {Mon Jan 28 12:48:17 2019},
}

@inproceedings{dimitrov14_reinf_learn_based_algor_maxim,
  author          = {Stoyan Dimitrov and Redouane Lguensat},
  title           = {{Reinforcement Learning Based Algorithm for the Maximization
                  of EV Charging Station Revenue}},
  booktitle       = {{International Conference on Mathematics and Computers
                  in Sciences and in Industry}},
  year            = 2014,
  doi             = {10.1109/mcsi.2014.54},
  url             = {https://doi.org/10.1109/mcsi.2014.54},
  DATE_ADDED      = {Mon Jan 28 14:41:52 2019},
}

@inproceedings{dusparic13_multi,
  author          = {Ivana Dusparic and Colin Harris and Andrei Marinescu and
                  Vinny Cahill and Siobhan Clarke},
  title           = {{Multi-agent residential demand response based on load
                  forecasting}},
  booktitle       = {{IEEE Conference on Technologies for Sustainability
                  (SusTech)}},
  year            = 2013,
  doi             = {10.1109/sustech.2013.6617303},
  url             = {https://doi.org/10.1109/sustech.2013.6617303},
  DATE_ADDED      = {Mon Jan 28 12:35:38 2019},
}

@inproceedings{ernst03_iterat,
  author          = {Ernst, Damien and Geurts, Pierre and Wehenkel, Louis},
  title           = {Iteratively extending time horizon reinforcement learning},
  booktitle       = {European Conference on Machine Learning},
  year            = 2003,
  organization    = {Springer},
}

@article{firnkorn15_free_float_elect_carsh_fleet_smart_cities,
  author          = {J{\"o}rg Firnkorn and Martin M{\"u}ller},
  title           = {{Free-Floating Electric Carsharing-Fleets in Smart Cities:
                  the Dawning of a Post-Private Car Era in Urban Environments?}},
  journal         = {Environmental Science \& Policy},
  pages           = {30-40},
  year            = {2015},
  doi             = {10.1016/j.envsci.2014.09.005},
  url             = {https://doi.org/10.1016/j.envsci.2014.09.005},
  DATE_ADDED      = {Tue Oct 16 18:12:55 2018},
}

@article{flath14_improv_elect_vehic_charg_coord,
  author          = {Christoph M. Flath and Jens P. Ilg and Sebastian Gottwalt
                  and Hartmut Schmeck and Christof Weinhardt},
  title           = {{Improving Electric Vehicle Charging Coordination Through
                  Area Pricing}},
  journal         = {Transportation Science},
  pages           = {619-634},
  year            = {2014},
  doi             = {10.1287/trsc.2013.0467},
  url             = {https://doi.org/10.1287/trsc.2013.0467},
  DATE_ADDED      = {Tue Oct 16 18:18:20 2018},
}

@inproceedings{fridgen14,
  author          = {Fridgen, Gilbert and Mette, Philipp and Thimmel, Markus},
  title           = {{The value of information exchange in electric vehicle
                  charging}},
  booktitle       = {{35th International Conference on Information Systems}},
  year            = 2014,
  pages           = {1-17},
}

@article{he16_optim_biddin_strat_batter_storag,
  author          = {Guannan He and Qixin Chen and Chongqing Kang and Pierre
                  Pinson and Qing Xia},
  title           = {{Optimal Bidding Strategy of Battery Storage in Power
                  Markets Considering Performance-Based Regulation and Battery
                  Cycle Life}},
  journal         = {IEEE Transactions on Smart Grid},
  pages           = {2359-2367},
  year            = {2016},
  doi             = {10.1109/tsg.2015.2424314},
  url             = {https://doi.org/10.1109/tsg.2015.2424314},
  DATE_ADDED      = {Tue Oct 16 18:02:35 2018},
}

@article{hevner04_desig_scien_infor_system_resear,
  author          = {Hevner and March and Park and Ram},
  title           = {{Design Science in Information Systems Research}},
  journal         = {MIS Quarterly},
  pages           = {75},
  year            = {2004},
  doi             = {10.2307/25148625},
  url             = {https://doi.org/10.2307/25148625},
  DATE_ADDED      = {Wed Oct 17 10:18:17 2018},
}

@inproceedings{humphrys96_action_selec_method_using_reinf_learn,
  author          = {Humphrys, Mark},
  title           = {{Action Selection Methods Using Reinforcement Learning}},
  booktitle       = {{From Animals to Animats 4: Proceedings of the Fourth
                  International Conference on Simulation of Adaptive Behavior}},
  year            = 1996,
}

@article{kahlen14_balan_with_elect_vehic,
  author          = {Kahlen, Micha and Ketter, Wolfgang and van Dalen, Jan},
  title           = {{Balancing With Electric Vehicles: a Profitable Business
                  Model}},
  year            = {2014},
}

@inproceedings{kahlen15_aggreg_elect_cars_sustain_virtual_power_plant,
  author          = {Kahlen, Micha and Ketter, Wolfgang},
  title           = {{Aggregating Electric Cars to Sustainable Virtual Power
                  Plants: The Value of Flexibility in Future Electricity
                  Markets.}},
  booktitle       = {{AAAI}},
  year            = 2015,
  pages           = {665--671},
}

@article{kahlen17_fleet,
  author          = {Kahlen, Micha and Ketter, Wolfgang and Gupta, Alok},
  title           = {{Fleetpower: Creating Virtual Power Plants in Sustainable
                  Smart Electricity Markets}},
  journal         = {SSRN Electronic Journal },
  year            = {2017},
  doi             = {10.2139/ssrn.3062433},
  url             = {https://doi.org/10.2139/ssrn.3062433},
  DATE_ADDED      = {Wed Feb 20 11:29:53 2019},
}

@article{kahlen18_elect_vehic_virtual_power_plant_dilem,
  author          = {Kahlen, Micha and Ketter, Wolfgang and van Dalen, Jan},
  title           = {{Electric Vehicle Virtual Power Plant Dilemma: Grid
                  Balancing Versus Customer Mobility}},
  journal         = {Production and Operations Management},
  year            = {2018},
  doi             = {10.1111/poms.12876},
  url             = {https://doi.org/10.1111/poms.12876},
  DATE_ADDED      = {Wed Feb 20 11:28:54 2019},
}

@article{kambil98_reeng_dutch_flower_auction,
  author          = {Kambil,Ajit and van Heck, Eric},
  title           = {{Reengineering the Dutch Flower Auctions: a Framework for
                  Analyzing Exchange Organizations}},
  journal         = {Information Systems Research},
  pages           = {1-19},
  year            = {1998},
  doi             = {10.1287/isre.9.1.1},
  url             = {https://doi.org/10.1287/isre.9.1.1},
  DATE_ADDED      = {Sun Oct 21 11:47:31 2018},
}

@article{kara15_estim_benef_elect_vehic_smart,
  author          = {Emre C. Kara and Jason S. Macdonald and Douglas Black and
                  Mario B{\'e}rges and Gabriela Hug and Sila Kiliccote},
  title           = {{Estimating the Benefits of Electric Vehicle Smart Charging
                  At Non-Residential Locations: a Data-Driven Approach}},
  journal         = {Applied Energy},
  pages           = {515-525},
  year            = {2015},
  doi             = {10.1016/j.apenergy.2015.05.072},
  url             = {https://doi.org/10.1016/j.apenergy.2015.05.072},
  DATE_ADDED      = {Tue Oct 16 18:04:39 2018},
}

@article{karanfil17_role_contin_intrad_elect_market,
  author          = {Fatih Karanfil and Yuanjing Li},
  title           = {{The Role of Continuous Intraday Electricity Markets: the
                  Integration of Large-Share Wind Power Generation in Denmark}},
  journal         = {The Energy Journal},
  year            = {2017},
  doi             = {10.5547/01956574.38.2.fkar},
  url             = {https://doi.org/10.5547/01956574.38.2.fkar},
  DATE_ADDED      = {Mon Feb 18 17:33:51 2019},
}

@article{kempton05_vehic_to_grid_power_implem,
  author          = {Willett Kempton and Jasna Tomi{\'c}},
  title           = {Vehicle-To-Grid Power Implementation: From Stabilizing the
                  Grid To Supporting Large-Scale Renewable Energy},
  journal         = {Journal of Power Sources},
  volume          = {144},
  pages           = {280-294},
  year            = {2005},
  doi             = {10.1016/j.jpowsour.2004.12.022},
  url             = {https://doi.org/10.1016/j.jpowsour.2004.12.022},
  DATE_ADDED      = {Wed Mar 13 16:46:18 2019},
}

@article{ketter13_power_tac,
  author          = {Wolfgang Ketter and John Collins and Prashant Reddy},
  title           = {{Power Tac: a Competitive Economic Simulation of the Smart
                  Grid}},
  journal         = {Energy Economics},
  pages           = {262-270},
  year            = {2013},
  doi             = {10.1016/j.eneco.2013.04.015},
  url             = {https://doi.org/10.1016/j.eneco.2013.04.015},
  DATE_ADDED      = {Tue Oct 16 23:54:28 2018},
}

@article{ketter16_comp_bench,
  author          = {Wolfgang Ketter and Markus Peters and John Collins and
                  Alok Gupta},
  title           = {{Competitive Benchmarking: an IS Research Approach To
                  Address Wicked Problems With Big Data and Analytics}},
  journal         = {MIS Quarterly},
  year            = {2016},
  pages           = {1057-1080},
  doi             = {10.25300/misq/2016/40.4.12},
  url             = {https://doi.org/10.25300/Misq/2016/40.4.12},
  DATE_ADDED      = {Tue Oct 16 23:57:09 2018},
}

@article{ketter16_multiagent_comp_gaming,
  author          = {Wolfgang Ketter and Markus Peters and John Collins and
                  Alok Gupta},
  title           = {{A Multiagent Competitive Gaming Platform To Address
                  Societal Challenges}},
  journal         = {MIS Quarterly},
  year            = {2016},
  pages           = {447-460},
  doi             = {10.25300/misq/2016/40.2.09},
  url             = {https://doi.org/10.25300/misq/2016/40.2.09},
  DATE_ADDED      = {Tue Oct 16 23:55:51 2018},
}

@article{kiesel17_econom_analy_intrad_elect_prices,
  author          = {R{\"u}diger Kiesel and Florentina Paraschiv},
  title           = {{Econometric Analysis of 15-minute Intraday Electricity
                  Prices}},
  journal         = {Energy Economics},
  year            = {2017},
  doi             = {10.1016/j.eneco.2017.03.002},
  url             = {https://doi.org/10.1016/j.eneco.2017.03.002},
  DATE_ADDED      = {Mon Feb 18 17:28:01 2019},
}

@article{kim12_carbit,
  author          = {Edward L. Kim and Richard D. Tabors and Robert B. Stoddard
                  and Todd E. Allmendinger},
  title           = {{Carbitrage: Utility Integration of Electric Vehicles and
                  the Smart Grid}},
  journal         = {The Electricity Journal},
  pages           = {16-23},
  year            = {2012},
  doi             = {10.1016/j.tej.2012.02.002},
  url             = {https://doi.org/10.1016/j.tej.2012.02.002},
  DATE_ADDED      = {Tue Oct 16 18:05:41 2018},
}

@article{ko18_mobil_aware_vehic_to_grid,
  author          = {Haneul Ko and Sangheon Pack and Victor C. M. Leung},
  title           = {{Mobility-Aware Vehicle-To-Grid Control Algorithm in
                  Microgrids}},
  journal         = {IEEE Transactions on Intelligent Transportation Systems},
  year            = {2018},
  doi             = {10.1109/tits.2018.2816935},
  url             = {https://doi.org/10.1109/tits.2018.2816935},
  DATE_ADDED      = {Mon Jan 28 17:33:21 2019},
}

@article{lopes11_integ_elect_vehic_elect_power_system,
  author          = {J A P Lopes and F J Soares and P M R Almeida},
  title           = {{Integration of Electric Vehicles in the Electric Power
                  System}},
  journal         = {Proceedings of the IEEE},
  pages           = {168-183},
  year            = {2011},
  doi             = {10.1109/jproc.2010.2066250},
  url             = {https://doi.org/10.1109/jproc.2010.2066250},
  DATE_ADDED      = {Tue Jan 15 17:09:40 2019},
}

@article{mak13_infras_plann_elect_vehic_with_batter_swapp,
  author          = {Ho-Yin Mak and Ying Rong and Zuo-Jun Max Shen},
  title           = {{Infrastructure Planning for Electric Vehicles With Battery
                  Swapping}},
  journal         = {Management Science},
  pages           = {1557-1575},
  year            = {2013},
  doi             = {10.1287/mnsc.1120.1672},
  url             = {https://doi.org/10.1287/mnsc.1120.1672},
  DATE_ADDED      = {Tue Oct 16 18:06:52 2018},
}

@article{mashhour11_biddin_strat_virtual_power_plant_1,
  author          = {Elaheh Mashhour and Seyed Masoud Moghaddas-Tafreshi},
  title           = {{Bidding Strategy of Virtual Power Plant for Participating
                  in Energy and Spinning Reserve Markets-Part I: Problem
                  Formulation}},
  journal         = {IEEE Transactions on Power Systems},
  pages           = {949-956},
  year            = {2011},
  doi             = {10.1109/tpwrs.2010.2070884},
  url             = {https://doi.org/10.1109/tpwrs.2010.2070884},
  DATE_ADDED      = {Tue Oct 16 18:08:18 2018},
}

@article{mashhour11_biddin_strat_virtual_power_plant_2,
  author          = {Elaheh Mashhour and Seyed Masoud Moghaddas-Tafreshi},
  title           = {{Bidding Strategy of Virtual Power Plant for Participating
                  in Energy and Spinning Reserve Markets-Part {II}: Numerical
                  Analysis}},
  journal         = {IEEE Transactions on Power Systems},
  pages           = {957-964},
  year            = {2011},
  doi             = {10.1109/tpwrs.2010.2070883},
  url             = {https://doi.org/10.1109/tpwrs.2010.2070883},
  DATE_ADDED      = {Tue Oct 16 18:07:41 2018},
}

@article{mnih15_human_level_contr_throug_deep_reinf_learn,
  author          = {Volodymyr Mnih and Koray Kavukcuoglu and David Silver and
                  Andrei A. Rusu and Joel Veness and Marc G. Bellemare and Alex
                  Graves and Martin Riedmiller and Andreas K. Fidjeland and
                  Georg Ostrovski and Stig Petersen and Charles Beattie and Amir
                  Sadik and Ioannis Antonoglou and Helen King and Dharshan
                  Kumaran and Daan Wierstra and Shane Legg and Demis Hassabis},
  title           = {{Human-Level Control Through Deep Reinforcement Learning}},
  journal         = {Nature},
  year            = {2015},
  doi             = {10.1038/nature14236},
  url             = {https://doi.org/10.1038/nature14236},
  DATE_ADDED      = {Thu Feb 14 10:08:05 2019},
}

@article{mwasilu14_elect_vehic_smart_grid_inter,
  author          = {Francis Mwasilu and Jackson John Justo and Eun-Kyung Kim
                  and Ton Duc Do and Jin-Woo Jung},
  title           = {Electric Vehicles and Smart Grid Interaction: a Review on
                  Vehicle To Grid and Renewable Energy Sources Integration},
  journal         = {Renewable and Sustainable Energy Reviews},
  volume          = {34},
  pages           = {501-516},
  year            = {2014},
  doi             = {10.1016/j.rser.2014.03.031},
  url             = {https://doi.org/10.1016/j.rser.2014.03.031},
  DATE_ADDED      = {Wed Mar 13 16:42:40 2019},
}

@inproceedings{nguyen16_biddin,
  author          = {Hieu Trung Nguyen and Long Bao Le},
  title           = {{Bidding strategy for virtual power plant with intraday
                  demand response exchange market using stochastic programming}},
  booktitle       = {2016 IEEE International Conference on Sustainable Energy
                  Technologies (ICSET)},
  year            = 2016,
  doi             = {10.1109/icset.2016.7811763},
  url             = {https://doi.org/10.1109/icset.2016.7811763},
  DATE_ADDED      = {Fri Feb 22 17:26:31 2019},
}


@article{pandzic13_offer_model_virtual_power_plant,
  author          = {Hrvoje Pand{\v{z}}i{\'c} and Juan M. Morales and Antonio J.
                  Conejo and Igor Kuzle},
  title           = {{Offering Model for a Virtual Power Plant Based on
                  Stochastic Programming}},
  journal         = {Applied Energy},
  year            = {2013},
  doi             = {10.1016/j.apenergy.2012.12.077},
  url             = {https://doi.org/10.1016/j.apenergy.2012.12.077},
  DATE_ADDED      = {Fri Feb 22 17:25:25 2019},
}

@article{pape16_are_fundam_enoug,
  author          = {Christian Pape and Simon Hagemann and Christoph Weber},
  title           = {{Are Fundamentals Enough? Explaining Price Variations in the
                  German Day-Ahead and Intraday Power Market}},
  journal         = {Energy Economics},
  year            = {2016},
  doi             = {10.1016/j.eneco.2015.12.013},
  url             = {https://doi.org/10.1016/j.eneco.2015.12.013},
  DATE_ADDED      = {Mon Feb 18 17:34:53 2019},
}

@article{peters13_reinf_learn_approac_to_auton,
  author          = {Peters, Markus and Ketter, Wolfgang and Saar-Tsechansky,
                  Maytal and Collins, John},
  title           = {A Reinforcement Learning Approach To Autonomous
                  Decision-Making in Smart Electricity Markets},
  journal         = {Machine learning},
  pages           = {5--39},
  year            = {2013},
  publisher       = {Springer},
}


@article{peterson10_econom_using_plug_in_hybrid,
  author          = {Scott B. Peterson and J.F. Whitacre and Jay Apt},
  title           = {{The Economics of Using Plug-In Hybrid Electric Vehicle
                  Battery Packs for Grid Storage}},
  journal         = {Journal of Power Sources},
  pages           = {2377-2384},
  year            = {2010},
  doi             = {10.1016/j.jpowsour.2009.09.070},
  url             = {https://doi.org/10.1016/j.jpowsour.2009.09.070},
  DATE_ADDED      = {Tue Oct 16 18:09:16 2018},
}


@article{pudjianto07_virtual_power_plant_system_integ,
  author          = {D. Pudjianto and C. Ramsay and G. Strbac},
  title           = {{Virtual Power Plant and System Integration of Distributed
                  Energy Resources}},
  journal         = {IET Renewable Power Generation},
  pages           = {10},
  year            = {2007},
  doi             = {10.1049/iet-rpg:20060023},
  url             = {https://doi.org/10.1049/iet-rpg:20060023},
  DATE_ADDED      = {Tue Oct 16 18:19:06 2018},
}

@inproceedings{reddy11_learn_behav_multip_auton_agent,
  author          = {Reddy, Prashant P and Veloso, Manuela M},
  title           = {{Learned Behaviors of Multiple Autonomous Agents in Smart
                  Grid Markets.}},
  booktitle       = {AAAI},
  year            = 2011,
}


@inproceedings{reddy11_strat,
  author          = {Reddy, Prashant P and Veloso, Manuela M},
  title           = {{Strategy learning for autonomous agents in smart grid
                  markets}},
  booktitle       = {{IJCAI Proceedings-International Joint Conference on
                  Artificial Intelligence}},
  year            = 2011,
}



@book{rummery94_q,
  author          = {Rummery, Gavin A and Niranjan, Mahesan},
  title           = {{On-line Q-learning using connectionist systems}},
  year            = 1994,
  publisher       = {University of Cambridge, Department of Engineering
                  Cambridge, England},
}

@article{schill11_elect_vehic_imper_elect_market,
  author          = {Wolf-Peter Schill},
  title           = {{Electric Vehicles in Imperfect Electricity Markets: the
                  Case of Germany}},
  journal         = {Energy Policy},
  pages           = {6178-6189},
  year            = {2011},
  doi             = {10.1016/j.enpol.2011.07.018},
  url             = {https://doi.org/10.1016/j.enpol.2011.07.018},
  DATE_ADDED      = {Tue Oct 16 18:21:36 2018},
}

@inproceedings{shi11_real,
  author          = {Wenbo Shi and Vincent W.S. Wong},
  title           = {{Real-time vehicle-to-grid control algorithm under price
                  uncertainty}},
  booktitle       = {IEEE International Conference on Smart Grid Communications
                  (SmartGridComm)},
  year            = 2011,
  doi             = {10.1109/smartgridcomm.2011.6102330},
  url             = {https://doi.org/10.1109/smartgridcomm.2011.6102330},
  DATE_ADDED      = {Mon Jan 28 14:43:40 2019},
}

@article{silver16_master_game_go_with_deep,
  author          = {David Silver and Aja Huang and Chris J. Maddison and Arthur
                  Guez and Laurent Sifre and George van den Driessche and Julian
                  Schrittwieser and Ioannis Antonoglou and Veda Panneershelvam
                  and Marc Lanctot and Sander Dieleman and Dominik Grewe and
                  John Nham and Nal Kalchbrenner and Ilya Sutskever and Timothy
                  Lillicrap and Madeleine Leach and Koray Kavukcuoglu and Thore
                  Graepel and Demis Hassabis},
  title           = {{Mastering the Game of Go With Deep Neural Networks and
                  Tree Search}},
  journal         = {Nature},
  year            = {2016},
  doi             = {10.1038/nature16961},
  url             = {https://doi.org/10.1038/nature16961},
  DATE_ADDED      = {Thu Feb 14 10:11:58 2019},
}

@article{sioshansi12_impac_elect_tarif_plug_in,
  author          = {Ramteen Sioshansi},
  title           = {{The Impacts of Electricity Tariffs on Plug-In Hybrid
                  Electric Vehicle Charging, Costs, and Emissions}},
  journal         = {Operations Research},
  pages           = {506-516},
  year            = {2012},
  doi             = {10.1287/opre.1120.1038},
  url             = {https://doi.org/10.1287/opre.1120.1038},
  DATE_ADDED      = {Tue Oct 16 23:29:41 2018},
}

@book{sterling18_three_revol,
  author          = {Daniel Sterling},
  title           = {{Three Revolutions: Steering Automated, Shared, and Electric
                  Vehicles to a Better Future}},
  year            = 2018,
  publisher       = {Island Press/Center for Resource Economics},
  url             = {https://doi.org/10.5822/978-1-61091-906-7},
  DATE_ADDED      = {Fri Feb 22 10:36:18 2019},
  doi             = {10.5822/978-1-61091-906-7},
  pages           = {nil},
  series          = {[]},
}

@book{sutton18_reinf,
  author          = {Sutton, Richard S and Barto, Andrew G},
  title           = {{Reinforcement learning: An introduction}},
  year            = 2018,
  publisher       = {MIT press},
}

@article{sutton84_tempor_credit_assig_reinf_learn,
  author          = {Sutton, Richard Stuart},
  title           = {{Temporal Credit Assignment in Reinforcement Learning}},
  journal         = {University of Massechusetts, Amherst},
  year            = {1984},
  type            = {Ph.D. Thesis},
}

@inproceedings{taylor14_accel_learn_trans_learn,
  author          = {Adam Taylor and Ivana Dusparic and Edgar Galvan-Lopez and
                  Siobhan Clarke and Vinny Cahill},
  title           = {{Accelerating Learning in multi-objective systems through
                  Transfer Learning}},
  booktitle       = {International Joint Conference on Neural Networks
                  (IJCNN)},
  year            = 2014,
  doi             = {10.1109/ijcnn.2014.6889438},
  url             = {https://doi.org/10.1109/ijcnn.2014.6889438},
  DATE_ADDED      = {Mon Jan 28 12:38:26 2019},
}

@article{tomic07_using_fleet_elect_drive_vehic_grid_suppor,
  author          = {Jasna Tomi{\'c} and Willett Kempton},
  title           = {{Using Fleets of Electric-Drive Vehicles for Grid Support}},
  journal         = {Journal of Power Sources},
  pages           = {459-468},
  year            = {2007},
  doi             = {10.1016/j.jpowsour.2007.03.010},
  url             = {https://doi.org/10.1016/j.jpowsour.2007.03.010},
  DATE_ADDED      = {Tue Oct 16 23:32:22 2018},
}

@inproceedings{valogianni14_effec_manag_elect_vehic_storag,
  author          = {Valogianni, Konstantina and Ketter, Wolfgang and Collins,
                  John and Zhdanov, Dmitry},
  title           = {{Effective Management of Electric Vehicle Storage Using
                  Smart Charging}},
  booktitle       = {AAAI},
  year            = 2014,
  pages           = {472--478},
}


@article{vandael15_reinf_learn_heuris_ev_fleet,
  author          = {Stijn Vandael and Bert Claessens and Damien Ernst and Tom
                  Holvoet and Geert Deconinck},
  title           = {{Reinforcement Learning of Heuristic EV Fleet Charging in a
                  Day-Ahead Electricity Market}},
  journal         = {IEEE Transactions on Smart Grid},
  pages           = {1795-1805},
  year            = {2015},
  doi             = {10.1109/tsg.2015.2393059},
  url             = {https://doi.org/10.1109/tsg.2015.2393059},
  DATE_ADDED      = {Thu Oct 25 11:01:23 2018},
}


@inproceedings{vaya14_optim,
  author          = {Marina Gonzalez Vaya and Luis Briones Rosello and Goran
                  Andersson},
  title           = {{Optimal bidding of plug-in electric vehicles in a
                  market-based control setup}},
  booktitle       = {Power Systems Computation Conference},
  year            = 2014,
  doi             = {10.1109/pscc.2014.7038108},
  url             = {https://doi.org/10.1109/pscc.2014.7038108},
  DATE_ADDED      = {Mon Jan 28 12:55:26 2019},
  journal         = {2014 Power Systems Computation Conference},
}


@article{vaya15_optim_biddin_strat_plug_in,
  author          = {Marina Gonzalez Vaya and Goran Andersson},
  title           = {{Optimal Bidding Strategy of a Plug-In Electric Vehicle
                  Aggregator in Day-Ahead Electricity Markets Under Uncertainty}},
  journal         = {IEEE Transactions on Power Systems},
  year            = {2015},
  doi             = {10.1109/tpwrs.2014.2363159},
  url             = {https://doi.org/10.1109/tpwrs.2014.2363159},
  DATE_ADDED      = {Mon Jan 28 16:26:39 2019},
}


@article{vazquez-canteli19_reinf_learn_deman_respon,
  author          = {Jos{\'e} R. V{\'a}zquez-Canteli and Zolt{\'a}n Nagy},
  title           = {{Reinforcement Learning for Demand Response: a Review of
                  Algorithms and Modeling Techniques}},
  journal         = {Applied Energy},
  pages           = {1072-1089},
  year            = {2019},
  doi             = {10.1016/j.apenergy.2018.11.002},
  url             = {https://doi.org/10.1016/j.apenergy.2018.11.002},
  DATE_ADDED      = {Wed Jan 16 12:37:20 2019},
}


@article{veen16_elect_balan_market,
  author          = {van der Veen, Reinier A.C. and Hakvoort, Rudi A.},
  title           = {{The Electricity Balancing Market: Exploring the Design
                  Challenge}},
  journal         = {Utilities Policy},
  year            = {2016},
  doi             = {https://doi.org/10.1016/j.jup.2016.10.008},
  url             = {https://doi.org/https://doi.org/10.1016/j.jup.2016.10.008},
}

@article{vytelingum11_theor_pract_found_large_scale,
  author          = {Vytelingum, Perukrishnen and Voice, Thomas D and Ramchurn,
                  Sarvapali D and Rogers, Alex and Jennings, Nicholas R},
  title           = {{Theoretical and Practical Foundations of Large-Scale
                  Agent-Based Micro-Storage in the Smart Grid}},
  journal         = {Journal of Artificial Intelligence Research},
  pages           = {765--813},
  year            = {2011},
}


@inproceedings{wagner15_data,
  author          = {Wagner, Sebastian and Willing, Christoph and Brandt, Tobias
                  and Neumann, Dirk},
  title           = {{Data analytics for location-based services: enabling
                  user-based relocation of Carsharing vehicles}},
  booktitle       = {36th International Conference on Information Systems
                  ({ICIS})},
  year            = 2015,
  pages           = {1-16},
}

@article{wagner16_in_free_float,
  author          = {Sebastian Wagner and Tobias Brandt and Dirk Neumann},
  title           = {{In Free Float: Developing Business Analytics Support for
                  Carsharing Providers}},
  journal         = {Omega},
  pages           = {4-14},
  year            = {2016},
  doi             = {10.1016/j.omega.2015.02.011},
  url             = {https://doi.org/10.1016/j.omega.2015.02.011},
  DATE_ADDED      = {Tue Oct 16 23:45:16 2018},
}


@article{watkins89_learn_from_delay_rewar,
  author          = {Watkins, Christopher John Cornish Hellaby},
  title           = {{Learning From Delayed Rewards}},
  journal         = {King's College, Cambridge},
  year            = {1989},
  type            = {Ph.D. Thesis},
}


@article{watkins92_q_learn,
  author          = {Watkins, Christopher J. C. H. and Dayan, Peter},
  title           = {{Q-Learning}},
  journal         = {Machine Learning},
  year            = {1992},
  doi             = {10.1007/BF00992698},
  url             = {https://doi.org/10.1007/BF00992698},
}


@article{weron14_elect_price_forec,
  author          = {RafaÅ Weron},
  title           = {{Electricity Price Forecasting: a Review of the
                  State-Of-The-Art With a Look Into the Future}},
  journal         = {International Journal of Forecasting},
  pages           = {1030-1081},
  year            = {2014},
  doi             = {10.1016/j.ijforecast.2014.08.008},
  url             = {https://doi.org/10.1016/j.ijforecast.2014.08.008},
  DATE_ADDED      = {Wed Oct 24 11:07:33 2018},
}


@article{wolfson11_better_place,
  author          = {Adi Wolfson and Dorith Tavor and Shlomo Mark and Michael
                  Schermann and Helmut Krcmar},
  title           = {{Better Place: a Case Study of the Reciprocal Relations
                  Between Sustainability and Service}},
  journal         = {Service Science},
  pages           = {172-181},
  year            = {2011},
  doi             = {10.1287/serv.3.2.172},
  url             = {https://doi.org/10.1287/serv.3.2.172},
  DATE_ADDED      = {Tue Oct 16 23:48:24 2018},
}


@article{zhou15_elect_tradin_negat_prices,
  author          = {Yangfang Zhou and Alan Scheller-Wolf and Nicola
                  Secomandi and Stephen Smith},
  title           = {{Electricity Trading and Negative Prices: Storage Vs.
                  Disposal}},
  journal         = {Management Science},
  pages           = {880-898},
  year            = {2015},
  doi             = {10.1287/mnsc.2015.2161},
  url             = {https://doi.org/10.1287/mnsc.2015.2161},
  DATE_ADDED      = {Tue Oct 16 23:50:49 2018},
}
